@string{icml = "International Conference on Machine Learning (ICML)"}
@string{soda = "SIAM-ACM Symposium on Discrete Algorithms (SODA)"}
@string{nips = "Neural Information Processing Systems (NIPS)"}
@string{colt = "Conference on Learning Theory (COLT)"}
@string{aistats = "International Conference on Artificial Intelligence and Statistics (AISTATS)"}
@string{cvpr = "IEEE Conference on Computer Vision and Pattern Recognition (CVPR)"}
@string{uai = "Conference on Uncertainty in Artificial Intelligence (UAI)"}
@string{iccv = " IEEE International Conference on Computer Vision (ICCV)"}

@inproceedings{defreitas01,
 author = {de Freitas, Nando and H{\o}jen-S{\o}rensen, Pedro and Jordan, Michael I and Russell, Stuart},
 booktitle = uai,
 title = {Variational MCMC},
 year = {2001}
} 

@book{levin08book,
  Author = {David A. Levin and Yuval Peres and Elizabeth L. Wilmer},
  Title = {Markov Chains and Mixing Times},
  Publisher = {American Mathematical Society},
  Year = {2008}
}

@inproceedings{gotovos15,
  author = {Alkis Gotovos and Hamed S. Hassani and Andreas Krause},
  booktitle = nips,
  title = {Sampling from Probabilistic Submodular Models},
  year = {2015}
}

@inproceedings{gotovos18,
  author = {Alkis Gotovos and Hamed Hassani and Andreas Krause and Stefanie Jegelka},
  booktitle = uai,
  title = {Discrete Sampling using Semigradient-based Product Mixtures},
  year = {2018}
}

@inproceedings{anari16,
  author = {Nima Anari and Shayan Oveis Gharan and Alireza Rezaei},
  title = {Monte {C}arlo {M}arkov Chain Algorithms for Sampling Strongly {R}ayleigh Distributions and Determinantal Point Processes},
  booktitle = colt,
  year = {2016}
}

@article{jerrum04poincare,
  author = {Mark Jerrum and Jung-Bae Son and Prasad Tetali and Eric Vigoda},
  title = {Elementary bounds on {P}oincar\'{e} and log-{S}obolev constants for decomposable {M}arkov chains},
  journal = {Annals of Applied Probability},
  year = {2004}
}

@article{berger05,
  author = {Noam Berger and Claire Kenyon and Elchanan Mossel and Yuval Peres},
  title = {Glauber dynamics on trees and hyperbolic graphs},
  journal = {Probability Theory and Related Fields},
  year = {2005}
}

@article{levin08,
  author = {David A. Levin and Malwina J. Luczak and Yuval Peres},
  title = {Glauber dynamics for the mean-field {I}sing model: cut-off, critical power law, and metastability},
  journal = {Probability Theory and Related Fields},
  year = {2008}
}

@article{ding09,
  author = {Jian Ding and Eyal Lubetzky and Yuval Peres},
  title = {Censored {G}lauber dynamics for the mean field {I}sing model},
  journal = {Journal of Statistical Physics},
  year = {2009}
}

@inproceedings{iyer13,
  author = {Rishabh Iyer and Stefanie Jegelka and Jeff Bilmes},
  title = {Fast Semidifferential-based Submodular Function Optimization},
  booktitle = icml,
  year = {2013}
}

@book{koller09,
  Author = {Daphne Koller and Nir Friedman},
  Title = {Probabilistic Graphical Models: Principles and Techniques},
  Publisher = {The MIT Press},
  Year = {2009}
}

@incollection{brooks11,
  author = {Steve Brooks and Andrew Gelman and Galin Jones and Xiao-Li Meng},
  booktitle = {Handbook of Markov Chain Monte Carlo},
  publisher = {CRC Press},
  year = {2011}
}

@inproceedings{tschiatschek16,
  author = {Sebastian Tschiatschek and Josip Djolonga and Andreas Krause},
  title = {Learning Probabilistic Submodular Diversity Models via Noise Contrastive Estimation},
  booktitle = aistats,
  year = {2016}
}

@article{kulesza12,
  author = {Kulesza, Alex and Taskar, Ben},
  journal = {Foundations and Trends in Machine Learning},
  title = {Determinantal Point Processes for Machine Learning},
  year = {2012}
}

@article{jerrum93,
  author = {Mark Jerrum and Alistair Sinclair},
  journal = {SIAM Journal on Computing},
  title = {Polynomial-time Approximation Algorithms for the {I}sing Model},
  year = {1993}
}

@article{diaconis93,
  author = {Persi Diaconis and Laurent Saloff-Coste},
  journal = {Annals of Probability},
  title = {Comparison Techniques for Random Walk on Finite Groups},
  year = {1993}
}

@book{fujishige05,
  author = {Satoru Fujishige},
  title = {Submodular Functions and Optimization},
  publisher = {Elsevier Science},
  year = {2005}
}

@inproceedings{jegelka11,
  author = {Stefanie Jegelka and Jeff Bilmes},
  title = {Submodularity Beyond Submodular Energies: Coupling Edges in Graph Cuts},
  booktitle = cvpr,
  year = {2011}
}

@inproceedings{iyer12,
  author = {Rishabh Iyer and Jeff Bilmes},
  title = {The Submodular {B}regman and {L}ov{\'{a}}sz-{B}regman Divergences with Applications},
  booktitle = nips,
  year = {2012}
}

@inproceedings{rebeschini15,
  author = {Patrick Rebeschini and Amin Karbasi},
  title = {Fast Mixing for Discrete Point Processes},
  booktitle = {Conference on Learning Theory},
  year = {2015}
}

@inproceedings{li16,
  author = {Chengtao Li and Stefanie Jegelka and Suvrit Sra},
  title = {Fast Mixing Markov Chains for Strongly {R}ayleigh Measures, {DPP}s, and Constrained Sampling},
  booktitle = nips,
  year = {2016}
}

@article{krause08,
  author = {Andreas Krause and Jure Leskovec and Carlos Guestrin and Jeanne Vanbriesen and Christos Faloutsos},
  title = {Efficient Sensor Placement Optimization for Securing Large Water Distribution Networks},
  journal = {Journal of Water Resources Planning and Management},
  year = {2008}
}

@inproceedings{guestrin05,
  author = {Carlos Guestrin and Andreas Krause and Ajit Paul Singh},
  title = {Near-Optimal Sensor Placements in Gaussian Processes},
  booktitle = icml,
  year = {2005}
}

@inproceedings{welling11,
  author = {Max Welling and Yee Whye Tee},
  title = {Bayesian Learning via Stochastic Gradient Langevin Dynamics},
  booktitle = icml,
  year = {2011}
}

@inproceedings{chen14,
  title = {Stochastic Gradient {H}amiltonian {M}onte {C}arlo},
  author = {Tianqi Chen and Emily Fox and Carlos Guestrin},
  booktitle = icml,
  year = {2014}
}

@inproceedings{papandreou11,
  author = {George Papandreou and Alan L. Yuille},
  title = {Perturb-and-{MAP} Random Fields: Using Discrete Optimization to Learn and Sample from Energy Models},
  booktitle = {International Converence on Computer Vision (ICCV)},
  year = {2011}
}

@inproceedings{hazan13,
  title = {On Sampling from the {G}ibbs Distribution with Random Maximum A-Posteriori Perturbations},
  author = {Tamir Hazan and Subhransu Maji and Tommi Jaakkola},
  booktitle = nips,
  year = {2013}
}

@inproceedings{zhu15,
  author = {Michael H. Zhu and Stefano Ermon},
  title = {A Hybrid Approach for Probabilistic Inference using Random Projections},
  booktitle = icml,
  year = 2015}

@inproceedings{gong14,
  title = {Diverse Sequential Subset Selection for Supervised Video Summarization},
  author = {Boqing Gong and Wei-Lun Chao and Kristen Grauman and Fei Sha},
  booktitle = nips,
  year = {2014}
}

@inproceedings{djolonga14,
  author = {Josip Djolonga and Andreas Krause},
  booktitle = {Neural Information Processing Systems},
  title = {From {MAP} to Marginals: Variational Inference in Bayesian Submodular Models},
  year = {2014}
}

@inproceedings{iyer15,
  author = {Rishabh Iyer and Jeff Bilmes},
  title = {Submodular Point Processes with Applications in Machine Learning},
  booktitle = {International Conference on Artificial Intelligence and Statistics},
  year = {2015}
}

@inproceedings{djolonga16,
  author = {Josip Djolonga and Stefanie Jegelka and Sebastian Tschiatschek and Andreas Krause},
  title = {Cooperative Graphical Models},
  booktitle = nips,
  year = {2016}
}

@inproceedings{djolonga16mixed,
  author = {Josip Djolonga and Sebastian Tschiatschek and Andreas Krause},
  title = {Variational Inference in Mixed Probabilistic Submodular Models},
  booktitle = nips,
  year = {2016}
}

@article{boykov01,
  author = {Boykov, Yuri and Veksler, Olga and Zabih, Ramin},
  title = {Fast Approximate Energy Minimization via Graph Cuts},
  journal = {IEEE Transactions on Pattern Analysis and Machine Intelligence},
  year = {2001}
}

@inproceedings{zhang12,
  author = {Yichuan Zhang and Charles Sutton and Amos Storkey and Zoubin Ghahramani},
  title = {Continuous Relaxations for Discrete {H}amiltonian {M}onte {C}arlo},
  booktitle = nips,
  year = {2012}
}

@inproceedings{pakman13,
  author = {Ari Pakman and Liam Paninski},
  title = {Auxiliary-variable Exact {H}amiltonian {M}onte {C}arlo Samplers for Binary Distributions},
  booktitle = nips,
  year = {2013}
}

@inproceedings{dinh17,
  author = {Vu Dinh and Arman Bilge and Cheng Zhang and Frederick A. Matsen IV},
  title = {Probabilistic Path {H}amiltonian {M}onte {C}arlo},
  booktitle = icml,
  year = {2017}
}

@article{nishimura18,
  author = {Akihiko Nishimura and David Dunson and Jianfeng Lu},
  title = {Discontinuous {H}amiltonian {M}onte {C}arlo for Models with Discrete Parameters and Discontinuous Likelihoods},
  journal = {arXiv},
  year = {2018}
}

@article{betancourt17,
  author = {Michael Betancourt},
  title = {A Conceptual Introduction to {H}amiltonian {M}onte {C}arlo},
  journal = {arXiv},
  year = {2017}
}

@article{neal12,
  author = {Radford M. Neal},
  title = {{MCMC} using {H}amiltonian Dynamics},
  journal = {arXiv},
  year = {2012}
}

@inproceedings{ahn13,
  author = {Sungjin Ahn and Yutian Chen and Max Welling},
  title = {Distributed and Adaptive Darting Monte Carlo through Regenerations},
  booktitle = aistats,
  year = {2013}
}

@inproceedings{sminchisescu07,
  author = {Christian Sminchisescu and Max Welling},
  title = {Generalized Darting Monte Carlo},
  booktitle = aistats,
  year = {2007}
}

@inproceedings{domke15,
title = {Maximum Likelihood Learning With Arbitrary Treewidth via Fast-Mixing Parameter Sets},
author = {Domke, Justin},
booktitle = nips,
year = {2015}
}

@article{wainwright08,
 author = {Wainwright, Martin J. and Jordan, Michael I.},
 title = {Graphical Models, Exponential Families, and Variational Inference},
 journal = {Foundations and Trends in Machine Learning},
 year = {2008}
}

@article{borcea08,
  year  = {2008},
  author = {Julius Borcea and Petter Br\"{a}nd{\'{e}}n and Thomas M. Liggett},
  title = {Negative Dependence and the Geometry of Polynomials},
  journal = {Journal of the American Mathematical Society}
}

@article{fortuin71,
  year  = {1971},
  author = {C. M. Fortuin and P. W. Kasteleyn and J. Ginibre},
  title = {Correlation inequalities on some partially ordered sets},
  journal = {Communications in Mathematical Physics}
}

@article{lyons03,
  year  = {2003},
  author = {Russell Lyons},
  title = {Determinantal Probability Measures},
  journal = {Publications math{\'{e}}matiques de l{\textquotesingle}{IH}{\'{E}}S}
}

@article{nemhauser78,
  author = {Nemhauser, George L. and Wolsey, Laurence A. and Fisher, Marshall L.},
  journal = {Mathematical Programming},
  title = {An Analysis of Approximations for Maximizing Submodular Set Functions},
  year = {1978}
}

@inproceedings{feige07,
  author = {Feige, Uriel and Mirrokni, Vahab S. and Vondrak, Jan},
  booktitle = {Symposium on Foundations of Computer Science},
  title = {Maximizing Non-Monotone Submodular Functions},
  year = {2007}
}

@book{bach13,
 author = {Bach, Francis},
 title = {Learning with Submodular Functions: A Convex Optimization Perspective},
 year = {2013},
 publisher = {Now Publishers Inc.}
}

@inproceedings{djolonga15,
  author = {Josip Djolonga and Andreas Krause},
  booktitle = {International Conference on Machine Learning (ICML)},
  title = {Scalable Variational Inference in Log-supermodular Models},
  year = {2015}
}

@inproceedings{krause06,
  author = {Andreas Krause and Carlos Guestrin and Anupam Gupta and Jon Kleinberg},
  booktitle = {Information Processing in Sensor Networks},
  title = {Near-optimal Sensor Placements: Maximizing Information while Minimizing Communication Cost},
  year = {2006}
}

@article{pemantle00,
  year  = {2000},
  author = {Robin Pemantle},
  title = {Towards a theory of negative dependence},
  journal = {Journal of Mathematical Physics}
}

@article{wagner08,
  year  = {2008},
  author = {David G. Wagner},
  title = {Negatively Correlated Random Variables and Mason's Conjecture for Independent Sets in Matroids},
  journal = {Annals of Combinatorics}
}

@article{liggett02,
  year  = {2002},
  author = {Thomas M. Liggett},
  title = {Negative Correlations and Particle Systems},
  journal = {Markov Processes and Related Fields}
}

@inproceedings{lin11,
  author = {Lin, Hui and Bilmes, Jeff},
  booktitle = {Human Language Technologies},
  title = {A Class of Submodular Functions for Document Summarization},
  year = {2011}
}

@inproceedings{kempe03,
  author = {Kempe, David and Kleinberg, Jon and Tardos, Eva},
  booktitle = {Conference on Knowledge Discovery and Data Mining},
  title = {Maximizing the Spread of Influence through a Social Network},
  year = {2003}
}

@article{goldberg07,
  year  = {2007},
  author = {Leslie Ann Goldberg and Mark Jerrum},
  title = {The Complexity of Ferromagnetic Ising with Local Fields},
  journal = {Combinatorics,  Probability and Computing}
}

@article{kolmogorov04,
  year  = {2004},
  author = {V. Kolmogorov and R. Zabih},
  title = {What Energy Functions can be Minimized via Graph Cuts?},
  journal = {{IEEE} Transactions on Pattern Analysis and Machine Intelligence}
}

@inproceedings{li17,
title = {Polynomial Time Algorithms for Dual Volume Sampling},
author = {Li, Chengtao and Jegelka, Stefanie and Sra, Suvrit},
booktitle = nips,
year = {2017}
}

@inproceedings{kulesza10,
title = {Structured determinantal point processes},
author = {Kulesza, Alex and Taskar, Ben},
booktitle = nips,
year = {2010}
}

@book{neal96,
 author = {Radford M. Neal},
 title = {Bayesian Learning for Neural Networks},
 publisher = {Springer},
 year = {1996}
}

@article{duane87,
  year  = {1987},
  author = {Simon Duane and A.D. Kennedy and Brian J. Pendleton and Duncan Roweth},
  title = {Hybrid Monte Carlo},
  journal = {Physics Letters B}
}

@book{li09,
  author = {Stan Z. Li},
  year  = {2009},
  publisher = {Springer London},
  title = {Markov Random Field Modeling in Image Analysis}
}

@book{jerrum03,
  Author = {Mark Jerrum},
  Title = {Counting, Sampling and Integrating: Algorithms and Complexity},
  Publisher = {Birkh{\"a}user},
  Year = {2003}
}

@article{sinclair92,
  author = {Alistair Sinclair},
  title = {Improved Bounds for Mixing Rates of Markov Chains and Multicommodity Flow},
  journal = {Combinatorics, Probability and Computing},
  year = {1992}
}

@article{jerrum89,
  author = {Mark Jerrum and Alistair Sinclair},
  title = {Approximating the Permanent},
  journal = {SIAM Journal on Computing},
  year = {1989}
}

@article{diaconis91,
  author = {Persi Diaconis and Daniel Stroock},
  title = {Geometric Bounds for Eigenvalues of Markov Chains},
  journal = {The Annals of Applied Probability},
  year = {1991}
}

@inproceedings{morris02,
  author = {Ben Morris and Alistair Sinclair},
  title = {Random Walks on Truncated Cubes and Sampling 0-1 Knapsack Solutions},
  booktitle = {Symposium on Foundations of Computer Science},
  year = {2002}
}

@article{jerrum04perm,
  author = {Mark Jerrum and Alistair Sinclair and Eric Vigoda},
  title = {A Polynomial-Time Approximation Algorithm for the Permanent of a Matrix with Non-Negative Entries},
  journal = {Journal of the ACM},
  year = {2004}
}

@incollection{gelman11,
  author = {Andrew Gelman and Kenneth Shirley},
  title = {Innovation and Intellectual Property Rights},
  booktitle = {Handbook of Markov Chain Monte Carlo},
  publisher = {CRC Press},
  year = {2011}
}

@article{jerrum95,
  author = {Mark Jerrum},
  title = {A Very Simple Algorithm for Estimating the Number of K-colorings of a Low-degree Graph},
  journal = {Random Structures and Algorithms},
  year = {1995}
}

@inproceedings{bubley97,
  author = {Russ Bubley and Martin Dyer},
  title = {Path Coupling: A Technique for Proving Rapid Mixing in Markov Chains},
  booktitle = {Symposium on Foundations of Computer Science},
  year = {1997}
}

@inproceedings{bubley98,
  author = {Russ Bubley and Martin Dyer and Catherine Greenhill},
  title = {Beating the 2D Bound for Approximately Counting Colourings: A Computer-Assisted Proof of Rapid Mixing},
  booktitle = {Symposium on Discrete Algorithms},
  year = {1998}
}

@incollection{aldous83,
  author = {Aldous, David},
  title = {Random Walks on Finite Groups and Rapidly Mixing Markov Chains},
  booktitle = {Seminaire de Probabilites XVII},
  publisher = {Springer},
  year = {1983}
}

@article{dyer00,
  author = {Martin Dyer and Catherine Greenhill},
  title = {On Markov Chains for Independent Sets},
  journal = {J. of Algorithms},
  year = {2000}
}

@article{conforti84,
  author = {Michele Conforti and Gerard Cornuejols},
  title = {Submodular Set Functions, Matroids and the Greedy Algorithm: Tight Worst-case Bounds and Some Generalizations of the Rado-Edmonds Theorem},
  journal = {Disc. App. Math.},
  year = {1984}
}

@article{dyer09,
  author = {Martin Dyer and Leslie Ann Goldberg and Mark Jerrum},
  title = {Matrix Norms and Rapid Mixing for Spin Systems},
  journal = {Annals of Applied Probability},
  year = {2009}
}


%-------------------------------  Genes  ------------------------------------------%

@article{raphael14,
author = {Raphael, Benjamin J. and Dobson, Jason R. and Oesper, Layla and Vandin, Fabio},
title = {Identifying driver mutations in sequenced cancer genomes: computational approaches to enable precision medicine},
journal = {Genome Medicine},
year = {2014}
}

@article{comet,
  year  = {2015},
  author = {Mark DM Leiserson and Hsin-Ta Wu and Fabio Vandin and Benjamin J. Raphael},
  title = {{CoMEt}: A Statistical Approach to Identify Combinations of Mutually Exclusive Alterations in Cancer},
  journal = {Genome Biology}
}

@article{tcga,
author = {TCGA},
title = {Comprehensive genomic characterization defines human glioblastoma genes and core pathways},
journal = {Nature},
year = {2008}
}

@article{tcga_aml,
author = {TCGA},
title = {Genomic and Epigenomic Landscapes of Adult De Novo Acute Myeloid Leukemia},
journal = {The New England Journal of Medicine},
year = {2013}
}

@article{tcga_brca,
author = {TCGA},
title = {Comprehensive molecular portraits of human breast tumours},
journal = {Nature},
year = {2012}
}

@article{timex,
  year  = {2015},
  author = {Simona Constantinescu and Ewa Szczurek and Pejman Mohammadi and J\"{o}rg Rahnenf\"{u}hrer and Niko Beerenwinkel},
  title = {{TiMEx}: a waiting time model for mutually exclusive cancer alterations},
  journal = {Bioinformatics}
}

@article{muex,
  year  = {2014},
  author = {Ewa Szczurek and Niko Beerenwinkel},
  editor = {Amos Tanay},
  title = {Modeling Mutual Exclusivity of Cancer Mutations},
  journal = {{PLoS} Computational Biology}
}

@article{multidendrix,
  year  = {2013},
  author = {Mark D. M. Leiserson and Dima Blokh and Roded Sharan and Benjamin J. Raphael},
  title = {Simultaneous Identification of Multiple Driver Pathways in Cancer},
  journal = {{PLoS} Computational Biology}
}

@article{dendrix,
  year  = {2011},
  author = {Fabio Vandin and Eli Upfal and Benjamin J. Raphael},
  title = {De novo discovery of mutated driver pathways in cancer},
  journal = {Genome Research}
}

@article{yeang08,
author = {Yeang, Chen-Hsiang and McCormick, Frank and Levine, Arnold},
title = {Combinatorial patterns of somatic gene mutations in cancer},
journal = {The FASEB Journal},
year = {2008}
}

@article{rme,
author="Miller, Christopher A.
and Settle, Stephen H.
and Sulman, Erik P.
and Aldape, Kenneth D.
and Milosavljevic, Aleksandar",
title="Discovering functional modules by identifying recurrent and mutually exclusive mutational patterns in tumors",
journal="BMC Medical Genomics",
year="2011"
}

@article{memo,
author = {Giovanni Ciriello and Ethan Cerami and Chris Sandler and Nikolaus Schultz},
title = {Mutual exclusivity analysis identifies oncogenic network modules},
journal = {Genome Research},
year = {2011}
}

@article{mutex,
author="Babur, {\"O}zg{\"u}n
and G{\"o}nen, Mithat
and Aksoy, B{\"u}lent Arman
and Schultz, Nikolaus
and Ciriello, Giovanni
and Sander, Chris
and Demir, Emek",
title="Systematic identification of cancer driving signaling pathways based on mutual exclusivity of genomic alterations",
journal="Genome Biology",
year="2015"
}

% --------------------- FDR ------------------------------------ %

@article{bh,
author = {Yoav Benjamini and Yosef Hochberg},
title = {Controlling the false discovery rate: a practical and powerful approach to multiple testing},
journal = {Journal of the Royal Statistical Society},
year = {1995}
}

@article{storey02,
author = {John D. Storey},
title = {A direct approach to false discovery rates},
journal = {Journal of the Royal Statistical Society},
year = {2002}
}

@article{lord,
author = {Adel Javanmard and Andrea Montanari},
title = {Online rules for control of false discovery rate and false discovery exceedance},
journal = {The Annals of Statistics},
year = {2018}
}

@inproceedings{lordpp,
author = {Aaditya Ramdas and Fanny Yang and Martin J. Wainwright and Michael I. Jordan},
title = {Online control of the false discovery rate with decaying memory},
booktitle = nips,
year = {2017}
}


% ------------------------- Submodular Optimization -------------------------------%

@article{calinescu11,
  author = {Gruia Calinescu and Chandra Chekuri and Martin P{\'{a}}l and Jan Vondr{\'{a}}k},
  title = {Maximizing a Monotone Submodular Function Subject to a Matroid Constraint},
  journal = {{SIAM} Journal on Computing},
  year = {2011}
}

@inproceedings{lee09,
  author = {Jon Lee and Vahab S. Mirrokni and Viswanath Nagarajan and Maxim Sviridenko},
  title = {Non-monotone submodular maximization under matroid and knapsack constraints},
  booktitle = {{ACM} symposium on Symposium on theory of computing (STOC)},
  year  = {2009}
}

@article{feige11,
  author = {Uriel Feige and Vahab S. Mirrokni and Jan Vondr{\'{a}}k},
  title = {Maximizing Non-monotone Submodular Functions},
  journal = {{SIAM} Journal on Computing},
  year  = {2011}
}

@inproceedings{chekuri11,
author = {Chekuri, Chandra and Vondrak, Jan and Zenklusen, Rico},
booktitle = {Symposium on Theory of Computing (STOC)},
title = {Submodular Function Maximization via the Multilinear Relaxation and Contention Resolution Schemes},
year = {2011}
}

@inproceedings{buchbinder14,
author = {Buchbinder, Niv and Feldman, Moran and Naor, Joseph and Schwartz, Roy},
booktitle = {Symposium on Discrete Algorithms (SODA)},
title = {Submodular Maximization with Cardinality Constraints},
year = {2014}
}

@article{golovin11,
author = {Golovin, Daniel and Krause, Andreas},
journal = {Journal of Artificial Intelligence Research (JAIR)},
title = {Adaptive Submodularity: Theory and Applications in Active Learning and Stochastic Optimization},
year = {2011}
}

@inproceedings{gotovos15ijcai,
  author = {Alkis Gotovos and Amin Karbasi and Andreas Krause},
  title = {Non-monotone Adaptive Submodular Maximization},
  booktitle = ijcai,
  year = {2015}
}

% ------------------------- Other -------------------------------%

@article{ari,
author = {Lawrence Hubert},
title = {Comparing Partitions},
journal = {Journal of Classification},
year = {1985}
}

@article{ais,
author = {Radford Neal},
title = {Annealed importance sampling},
journal = {Statistics and Computing},
year = {2001}
}

@article{ris,
author = {Alan E. Gelfand and Dipak Dey},
title = {Bayesian Model Choice: Asymptotics and Exact Calculations},
journal = {Journal of the Royal Statistical Society},
year = {1994}
}